@article{moore1996bearing,
  title={Bearing the burden: how incarceration weakens inner-city communities},
  author={Moore, Joan},
  journal={The unintended consequences of incarceration},
  pages={67--90},
  year={1996},
  publisher={Vera Institute of Justice New York}
}

@incollection{cunningham2021causal,
  title={Causal inference},
  author={Cunningham, Scott},
  booktitle={Causal Inference},
  year={2021},
  publisher={Yale University Press}
}

@article{abadie2010synthetic,
  title={Synthetic control methods for comparative case studies: Estimating the effect of California’s tobacco control program},
  author={Abadie, Alberto and Diamond, Alexis and Hainmueller, Jens},
  journal={Journal of the American statistical Association},
  volume={105},
  number={490},
  pages={493--505},
  year={2010},
  publisher={Taylor \& Francis}
}

@article{weisburd2008miracle,
  title={The miracle of the cells: An experimental study of interventions to increase payment of court-ordered financial obligations},
  author={Weisburd, David and Einat, Tomer and Kowalski, Matt},
  journal={Criminology \& Public Policy},
  volume={7},
  number={1},
  pages={9--36},
  year={2008},
  publisher={Wiley Online Library}
}

@book{ross1984deterring,
  title={Deterring the drinking driver: Legal policy and social control},
  author={Ross, Hugh Laurence},
  volume={1982},
  year={1984},
  publisher={Lexington Books Lexington, MA}
}

@article{helland2007does,
  title={Does three strikes deter? A nonparametric estimation},
  author={Helland, Eric and Tabarrok, Alexander},
  journal={Journal of Human resources},
  volume={42},
  number={2},
  pages={309--330},
  year={2007},
  publisher={University of Wisconsin Press}
}

@techreport{iyengar2008d,
  title={I'd rather be hanged for a sheep than a lamb: the unintended consequences of'three-strikes' laws},
  author={Iyengar, Radha},
  year={2008},
  institution={National Bureau of Economic Research}
}

@article{abrams2012estimating,
  title={Estimating the deterrent effect of incarceration using sentencing enhancements},
  author={Abrams, David S},
  journal={American Economic Journal: Applied Economics},
  volume={4},
  number={4},
  pages={32--56},
  year={2012}
}

@article{levitt1996effect,
  title={The effect of prison population size on crime rates: Evidence from prison overcrowding litigation},
  author={Levitt, Steven D},
  journal={The quarterly journal of economics},
  volume={111},
  number={2},
  pages={319--351},
  year={1996},
  publisher={MIT Press}
}

@article{lofstrom2016incarceration,
  title={Incarceration and crime: Evidence from California’s public safety realignment reform},
  author={Lofstrom, Magnus and Raphael, Steven},
  journal={The ANNALS of the American Academy of Political and Social Science},
  volume={664},
  number={1},
  pages={196--220},
  year={2016},
  publisher={SAGE Publications Sage CA: Los Angeles, CA}
}

@article{kuziemko2013should,
  title={How should inmates be released from prison? An assessment of parole versus fixed-sentence regimes},
  author={Kuziemko, Ilyana},
  journal={The Quarterly Journal of Economics},
  volume={128},
  number={1},
  pages={371--424},
  year={2013},
  publisher={MIT Press}
}

@article{bayer2009building,
  title={Building criminal capital behind bars: Peer effects in juvenile corrections},
  author={Bayer, Patrick and Hjalmarsson, Randi and Pozen, David},
  journal={The Quarterly Journal of Economics},
  volume={124},
  number={1},
  pages={105--147},
  year={2009},
  publisher={MIT Press}
}

@article{ouss2011prison,
  title={Prison as a school of crime: Evidence from cell-level interactions},
  author={Ouss, Aurelie},
  journal={Available at SSRN 1989803},
  year={2011}
}

@article{drago2012indirect,
  title={Indirect effects of a policy altering criminal behavior: Evidence from the Italian prison experiment},
  author={Drago, Francesco and Galbiati, Roberto},
  journal={American Economic Journal: Applied Economics},
  volume={4},
  number={2},
  pages={199--218},
  year={2012}
}

@article{hunt1993changes,
  title={Changes in prison culture: Prison gangs and the case of the “Pepsi Generation”},
  author={Hunt, Geoffrey and Riegel, Stephanie and Morales, Tomas and Waldorf, Dan},
  journal={Social problems},
  volume={40},
  number={3},
  pages={398--409},
  year={1993},
  publisher={Oxford University Press Oxford, UK}
}

@book{moore1978homeboys,
  title={Homeboys: Gangs, drugs, and prison in the barrios of Los Angeles},
  author={Moore, Joan W and Garcia, Robert and Moore, Joan W and Garcia, Carlos},
  year={1978},
  publisher={Temple University Press Philadelphia}
}

@book{vigil1989emerging,
  title={An emerging barrio underclass: Irregular lifestyles among former Chicano gang members},
  author={Vigil, James Diego},
  number={7},
  year={1989},
  publisher={IUP/SSRC Committee for Public Policy Research on Contemporary Hispanic~…}
}
